[gd_scene load_steps=32 format=3 uid="uid://bbjodbfwcnjav"]

[ext_resource type="Script" path="res://Scenes/player.gd" id="1_3kmhl"]
[ext_resource type="Texture2D" uid="uid://ypv4c5gmepv5" path="res://Resources/Small-8-Direction-Characters_by_AxulArt/Small-8-Direction-Characters_by_AxulArt.png" id="1_n1ulx"]
[ext_resource type="Script" path="res://Scripts/Attribute/AttributeComponent.gd" id="3_x8kya"]
[ext_resource type="Resource" uid="uid://cmmvcle3qlbnk" path="res://Resources/Attribute/AttributeTables/player_attribute.tres" id="4_ouirm"]
[ext_resource type="Script" path="res://Scripts/Effect/EffectComponent.gd" id="5_rojsi"]

[sub_resource type="AtlasTexture" id="AtlasTexture_f5vbe"]
atlas = ExtResource("1_n1ulx")
region = Rect2(32, 216, 16, 24)

[sub_resource type="AtlasTexture" id="AtlasTexture_f0mb3"]
atlas = ExtResource("1_n1ulx")
region = Rect2(32, 240, 16, 24)

[sub_resource type="AtlasTexture" id="AtlasTexture_053wc"]
atlas = ExtResource("1_n1ulx")
region = Rect2(32, 264, 16, 24)

[sub_resource type="AtlasTexture" id="AtlasTexture_08je5"]
atlas = ExtResource("1_n1ulx")
region = Rect2(48, 216, 16, 24)

[sub_resource type="AtlasTexture" id="AtlasTexture_m6qx5"]
atlas = ExtResource("1_n1ulx")
region = Rect2(48, 240, 16, 24)

[sub_resource type="AtlasTexture" id="AtlasTexture_6nqj6"]
atlas = ExtResource("1_n1ulx")
region = Rect2(48, 264, 16, 24)

[sub_resource type="AtlasTexture" id="AtlasTexture_dj6kh"]
atlas = ExtResource("1_n1ulx")
region = Rect2(64, 216, 16, 24)

[sub_resource type="AtlasTexture" id="AtlasTexture_knky2"]
atlas = ExtResource("1_n1ulx")
region = Rect2(64, 240, 16, 24)

[sub_resource type="AtlasTexture" id="AtlasTexture_mwfh2"]
atlas = ExtResource("1_n1ulx")
region = Rect2(64, 264, 16, 24)

[sub_resource type="AtlasTexture" id="AtlasTexture_fr0h6"]
atlas = ExtResource("1_n1ulx")
region = Rect2(80, 216, 16, 24)

[sub_resource type="AtlasTexture" id="AtlasTexture_lvr2p"]
atlas = ExtResource("1_n1ulx")
region = Rect2(80, 240, 16, 24)

[sub_resource type="AtlasTexture" id="AtlasTexture_icevc"]
atlas = ExtResource("1_n1ulx")
region = Rect2(80, 264, 16, 24)

[sub_resource type="AtlasTexture" id="AtlasTexture_cu0hj"]
atlas = ExtResource("1_n1ulx")
region = Rect2(96, 216, 16, 24)

[sub_resource type="AtlasTexture" id="AtlasTexture_yiwhw"]
atlas = ExtResource("1_n1ulx")
region = Rect2(96, 240, 16, 24)

[sub_resource type="AtlasTexture" id="AtlasTexture_llpv8"]
atlas = ExtResource("1_n1ulx")
region = Rect2(96, 264, 16, 24)

[sub_resource type="AtlasTexture" id="AtlasTexture_3so1v"]
atlas = ExtResource("1_n1ulx")
region = Rect2(112, 216, 16, 24)

[sub_resource type="AtlasTexture" id="AtlasTexture_fho2i"]
atlas = ExtResource("1_n1ulx")
region = Rect2(112, 240, 16, 24)

[sub_resource type="AtlasTexture" id="AtlasTexture_srgp6"]
atlas = ExtResource("1_n1ulx")
region = Rect2(112, 264, 16, 24)

[sub_resource type="AtlasTexture" id="AtlasTexture_2kyxm"]
atlas = ExtResource("1_n1ulx")
region = Rect2(0, 216, 16, 24)

[sub_resource type="AtlasTexture" id="AtlasTexture_5kweu"]
atlas = ExtResource("1_n1ulx")
region = Rect2(0, 240, 16, 24)

[sub_resource type="AtlasTexture" id="AtlasTexture_d7ry5"]
atlas = ExtResource("1_n1ulx")
region = Rect2(0, 264, 16, 24)

[sub_resource type="AtlasTexture" id="AtlasTexture_eiqjv"]
atlas = ExtResource("1_n1ulx")
region = Rect2(16, 216, 16, 24)

[sub_resource type="AtlasTexture" id="AtlasTexture_dxu3d"]
atlas = ExtResource("1_n1ulx")
region = Rect2(16, 240, 16, 24)

[sub_resource type="AtlasTexture" id="AtlasTexture_ggwrg"]
atlas = ExtResource("1_n1ulx")
region = Rect2(16, 264, 16, 24)

[sub_resource type="SpriteFrames" id="SpriteFrames_xhny6"]
animations = [{
"frames": [{
"duration": 1.0,
"texture": SubResource("AtlasTexture_f5vbe")
}, {
"duration": 1.0,
"texture": SubResource("AtlasTexture_f0mb3")
}, {
"duration": 1.0,
"texture": SubResource("AtlasTexture_053wc")
}, {
"duration": 1.0,
"texture": SubResource("AtlasTexture_f0mb3")
}],
"loop": true,
"name": &"Walk0",
"speed": 5.0
}, {
"frames": [{
"duration": 1.0,
"texture": SubResource("AtlasTexture_08je5")
}, {
"duration": 1.0,
"texture": SubResource("AtlasTexture_m6qx5")
}, {
"duration": 1.0,
"texture": SubResource("AtlasTexture_6nqj6")
}, {
"duration": 1.0,
"texture": SubResource("AtlasTexture_m6qx5")
}],
"loop": true,
"name": &"Walk1",
"speed": 5.0
}, {
"frames": [{
"duration": 1.0,
"texture": SubResource("AtlasTexture_dj6kh")
}, {
"duration": 1.0,
"texture": SubResource("AtlasTexture_knky2")
}, {
"duration": 1.0,
"texture": SubResource("AtlasTexture_mwfh2")
}, {
"duration": 1.0,
"texture": SubResource("AtlasTexture_knky2")
}],
"loop": true,
"name": &"Walk2",
"speed": 5.0
}, {
"frames": [{
"duration": 1.0,
"texture": SubResource("AtlasTexture_fr0h6")
}, {
"duration": 1.0,
"texture": SubResource("AtlasTexture_lvr2p")
}, {
"duration": 1.0,
"texture": SubResource("AtlasTexture_icevc")
}, {
"duration": 1.0,
"texture": SubResource("AtlasTexture_lvr2p")
}],
"loop": true,
"name": &"Walk3",
"speed": 5.0
}, {
"frames": [{
"duration": 1.0,
"texture": SubResource("AtlasTexture_cu0hj")
}, {
"duration": 1.0,
"texture": SubResource("AtlasTexture_yiwhw")
}, {
"duration": 1.0,
"texture": SubResource("AtlasTexture_llpv8")
}, {
"duration": 1.0,
"texture": SubResource("AtlasTexture_yiwhw")
}],
"loop": true,
"name": &"Walk4",
"speed": 5.0
}, {
"frames": [{
"duration": 1.0,
"texture": SubResource("AtlasTexture_3so1v")
}, {
"duration": 1.0,
"texture": SubResource("AtlasTexture_fho2i")
}, {
"duration": 1.0,
"texture": SubResource("AtlasTexture_srgp6")
}, {
"duration": 1.0,
"texture": SubResource("AtlasTexture_fho2i")
}],
"loop": true,
"name": &"Walk5",
"speed": 5.0
}, {
"frames": [{
"duration": 1.0,
"texture": SubResource("AtlasTexture_2kyxm")
}, {
"duration": 1.0,
"texture": SubResource("AtlasTexture_5kweu")
}, {
"duration": 1.0,
"texture": SubResource("AtlasTexture_d7ry5")
}, {
"duration": 1.0,
"texture": SubResource("AtlasTexture_5kweu")
}],
"loop": true,
"name": &"Walk6",
"speed": 5.0
}, {
"frames": [{
"duration": 1.0,
"texture": SubResource("AtlasTexture_eiqjv")
}, {
"duration": 1.0,
"texture": SubResource("AtlasTexture_dxu3d")
}, {
"duration": 1.0,
"texture": SubResource("AtlasTexture_ggwrg")
}, {
"duration": 1.0,
"texture": SubResource("AtlasTexture_dxu3d")
}],
"loop": true,
"name": &"Walk7",
"speed": 5.0
}]

[sub_resource type="RectangleShape2D" id="RectangleShape2D_fjdjf"]
size = Vector2(14, 44)

[node name="Player" type="CharacterBody2D"]
collision_layer = 2
collision_mask = 17
script = ExtResource("1_3kmhl")

[node name="AnimatedSprite2D" type="AnimatedSprite2D" parent="."]
scale = Vector2(3, 3)
sprite_frames = SubResource("SpriteFrames_xhny6")
animation = &"Walk7"

[node name="CollisionShape2D" type="CollisionShape2D" parent="."]
position = Vector2(-2, 8)
shape = SubResource("RectangleShape2D_fjdjf")

[node name="ShootTimer" type="Timer" parent="."]
wait_time = 0.5

[node name="AttributeComponent" type="Node" parent="."]
unique_name_in_owner = true
script = ExtResource("3_x8kya")
attribute_table = ExtResource("4_ouirm")

[node name="EffectComponent" type="Node" parent="."]
unique_name_in_owner = true
script = ExtResource("5_rojsi")

[connection signal="timeout" from="ShootTimer" to="." method="_on_shoot_timer_timeout"]
